<?xml version="1.0" encoding="UTF-8"?><collection xmlns="http://www.loc.gov/MARC21/slim"><record><leader>00360nam--2200133-i-4500</leader><controlfield tag="001">000023423</controlfield><controlfield tag="002">20161230</controlfield><controlfield tag="005">20161230201035</controlfield><controlfield tag="008">060222s1000------------r-----000-0-eng-d</controlfield><datafield ind1=" " ind2=" " tag="080"><subfield code="a">512.8:519.4</subfield></datafield><datafield ind1=" " ind2=" " tag="100"><subfield code="a">Gilmore, Robert</subfield></datafield><datafield ind1=" " ind2=" " tag="245"><subfield code="a">Lie groups,lie algebras and some of their applications</subfield></datafield><datafield ind1=" " ind2=" " tag="260"><subfield code="a">New York,John Wiley &amp; Sons, 1974. Xx+587p</subfield></datafield><datafield ind1=" " ind2=" " tag="852"><subfield code="a">41901</subfield></datafield></record></collection>